@inproceedings{Basagni:2018:HHH:3209582.3209610,
 author = {Basagni, Stefano and Di Valerio, Valerio and Gjanci, Petrika and Petrioli, Chiara},
 title = {Harnessing HyDRO: Harvesting-aware Data ROuting for Underwater Wireless Sensor Networks},
 booktitle = {Proceedings of the Eighteenth ACM International Symposium on Mobile Ad Hoc Networking and Computing},
 series = {Mobihoc '18},
 year = {2018},
 isbn = {978-1-4503-5770-8},
 location = {Los Angeles, CA, USA},
 pages = {271--279},
 numpages = {9},
 url = {http://doi.acm.org/10.1145/3209582.3209610},
 doi = {10.1145/3209582.3209610},
 acmid = {3209610},
 publisher = {ACM},
 address = {New York, NY, USA},
 keywords = {Underwater Wireless Sensor Networks, reinforcement learning-based routing, underwater energy harvesting},
} 

@article{BASAGNI201592,
title = "CARP: A Channel-aware routing protocol for underwater acoustic wireless networks",
journal = "Ad Hoc Networks",
volume = "34",
pages = "92 - 104",
year = "2015",
note = "ADVANCES IN UNDERWATER COMMUNICATIONS AND NETWORKS",
issn = "1570-8705",
doi = "https://doi.org/10.1016/j.adhoc.2014.07.014",
url = "http://www.sciencedirect.com/science/article/pii/S1570870514001450",
author = "Stefano Basagni and Chiara Petrioli and Roberto Petroccia and Daniele Spaccini",
keywords = "Underwater wireless acoustic networks, Cross-layer design, Channel-aware communications, In-field experimentation",
}

@ARTICLE{5408367, 
author={T. Hu and Y. Fei}, 
journal={IEEE Transactions on Mobile Computing}, 
title={QELAR: A Machine-Learning-Based Adaptive Routing Protocol for Energy-Efficient and Lifetime-Extended Underwater Sensor Networks}, 
year={2010}, 
volume={9}, 
number={6}, 
pages={796-809}, 
keywords={access protocols;learning (artificial intelligence);mobile communication;routing protocols;telecommunication computing;underwater acoustic communication;wireless sensor networks;QELAR;machine-learning-based adaptive routing protocol;underwater sensor networks;energy consumption;MAC protocols;wireless communication;underwater sensor nodes mobility;Routing protocols;Energy efficiency;Acoustic sensors;Sensor phenomena and characterization;Media Access Protocol;Monitoring;Delay;Bandwidth;Energy consumption;Underwater acoustics;Routing protocols;distributed networks;wireless communication;mobile communication systems.}, 
doi={10.1109/TMC.2010.28}, 
ISSN={1536-1233}, 
month={June},}

@misc{ns2,
	Howpublished = {\url{http://www.isi.edu/nsnam/
ns/}},
	Title = {The VINT Project, The ns Manual},
	year={2002}}

